@article{王保云2009物联网技术研究综述木,
  title={物联网技术研究综述木},
  author={王保云},
  journal={电子测量与仪器学报},
  volume={23},
  number={12},
  pages={1--7},
  year={2009}
}

@article{mouha2021internet,
  title={Internet of things (IoT)},
  author={Mouha, Radouan Ait Radouan Ait and others},
  journal={Journal of Data Analysis and Information Processing},
  volume={9},
  number={02},
  pages={77},
  year={2021},
  publisher={Scientific Research Publishing}
}

@article{sisinni2018industrial,
  title={Industrial internet of things: Challenges, opportunities, and directions},
  author={Sisinni, Emiliano and Saifullah, Abusayeed and Han, Song and Jennehag, Ulf and Gidlund, Mikael},
  journal={IEEE transactions on industrial informatics},
  volume={14},
  number={11},
  pages={4724--4734},
  year={2018},
  publisher={IEEE}
}

@article{michaud20062,
  title={2.3--High-Availability Solutions to Common Software Failures},
  author={Michaud, Fr{\'e}d{\'e}ric and Painchaud, Fr{\'e}d{\'e}ric},
  journal={Building Robust Systems with Fallible Construction},
  year={2006}
}

@inproceedings{hayashibara2004spl,
  title={The/spl phi/accrual failure detector},
  author={Hayashibara, Naohiro and Defago, Xavier and Yared, Rami and Katayama, Takuya},
  booktitle={Proceedings of the 23rd IEEE International Symposium on Reliable Distributed Systems, 2004.},
  pages={66--78},
  year={2004},
  organization={IEEE}
}

@article{lakshman2010cassandra,
  title={Cassandra: a decentralized structured storage system},
  author={Lakshman, Avinash and Malik, Prashant},
  journal={ACM SIGOPS operating systems review},
  volume={44},
  number={2},
  pages={35--40},
  year={2010},
  publisher={ACM New York, NY, USA}
}

@book{beyer2016site,
  title={Site reliability engineering: how Google runs production systems},
  author={Beyer, Betsy and Jones, Chris and Petoff, Jennifer and Murphy, Niall Richard},
  year={2016},
  publisher={" O'Reilly Media, Inc."}
}

@inproceedings{kola2005faults,
  title={Faults in large distributed systems and what we can do about them},
  author={Kola, George and Kosar, Tevfik and Livny, Miron},
  booktitle={Euro-Par 2005 Parallel Processing: 11th International Euro-Par Conference, Lisbon, Portugal, August 30-September 2, 2005. Proceedings 11},
  pages={442--453},
  year={2005},
  organization={Springer}
}

@inproceedings{ledmi2018fault,
  title={Fault tolerance in distributed systems: A survey},
  author={Ledmi, Abdeldjalil and Bendjenna, Hakim and Hemam, Sofiane Mounine},
  booktitle={2018 3rd International Conference on Pattern Analysis and Intelligent Systems (PAIS)},
  pages={1--5},
  year={2018},
  organization={IEEE}
}


@inproceedings{karger1997consistent,
  title={Consistent hashing and random trees: Distributed caching protocols for relieving hot spots on the world wide web},
  author={Karger, David and Lehman, Eric and Leighton, Tom and Panigrahy, Rina and Levine, Matthew and Lewin, Daniel},
  booktitle={Proceedings of the twenty-ninth annual ACM symposium on Theory of computing},
  pages={654--663},
  year={1997}
}

@article{huang2020tidb,
  title={TiDB: a Raft-based HTAP database},
  author={Huang, Dongxu and Liu, Qi and Cui, Qiu and Fang, Zhuhe and Ma, Xiaoyu and Xu, Fei and Shen, Li and Tang, Liu and Zhou, Yuxing and Huang, Menglong and others},
  journal={Proceedings of the VLDB Endowment},
  volume={13},
  number={12},
  pages={3072--3084},
  year={2020},
  publisher={VLDB Endowment}
}

@article{o1996lsmtree,
  title={The log-structured merge-tree (LSM-tree)},
  author={O’Neil, Patrick and Cheng, Edward and Gawlick, Dieter and O’Neil, Elizabeth},
  journal={Acta Informatica},
  volume={33},
  pages={351--385},
  year={1996},
  publisher={Springer}
}

@article{zhao2024apachetsfile,
  title={Apache TsFile: An IoT-native Time Series File Format},
  author={Zhao, Xin and Qiao, Jialin and Huang, Xiangdong and Wang, Chen and Song, Shaoxu and Wang, Jianmin},
  journal={Proceedings of the VLDB Endowment},
  volume={17},
  number={12},
  pages={4064--4076},
  year={2024},
  publisher={VLDB Endowment}
}

@inproceedings{fox1999harvest,
  title={Harvest, yield, and scalable tolerant systems},
  author={Fox, Armando and Brewer, Eric A},
  booktitle={Proceedings of the seventh workshop on hot topics in operating systems},
  pages={174--178},
  year={1999},
  organization={IEEE}
}

@article{herlihy1990linearizability,
  title={Linearizability: A correctness condition for concurrent objects},
  author={Herlihy, Maurice P and Wing, Jeannette M},
  journal={ACM Transactions on Programming Languages and Systems (TOPLAS)},
  volume={12},
  number={3},
  pages={463--492},
  year={1990},
  publisher={ACM New York, NY, USA}
}

@article{attiya1994sequential,
  title={Sequential consistency versus linearizability},
  author={Attiya, Hagit and Welch, Jennifer L},
  journal={ACM Transactions on Computer Systems (TOCS)},
  volume={12},
  number={2},
  pages={91--122},
  year={1994},
  publisher={ACM New York, NY, USA}
}

@article{bailis2013eventual,
  title={Eventual consistency today: Limitations, extensions, and beyond},
  author={Bailis, Peter and Ghodsi, Ali},
  journal={Communications of the ACM},
  volume={56},
  number={5},
  pages={55--63},
  year={2013},
  publisher={ACM New York, NY, USA}
}

@inproceedings{lloyd2011cops,
  title={Don't settle for eventual: Scalable causal consistency for wide-area storage with COPS},
  author={Lloyd, Wyatt and Freedman, Michael J and Kaminsky, Michael and Andersen, David G},
  booktitle={Proceedings of the Twenty-Third ACM Symposium on Operating Systems Principles},
  pages={401--416},
  year={2011}
}

@inproceedings{mortazavi2018session,
  title={Toward session consistency for the edge},
  author={Mortazavi, Seyed Hossein and Balasubramanian, Bharath and de Lara, Eyal and Narayanan, Shankaranarayanan Puzhavakath},
  booktitle={USENIX Workshop on Hot Topics in Edge Computing (HotEdge 18)},
  year={2018}
}

@inproceedings{nishtala2013memcached,
  title={Scaling memcache at facebook},
  author={Nishtala, Rajesh and Fugal, Hans and Grimm, Steven and Kwiatkowski, Marc and Lee, Herman and Li, Harry C and McElroy, Ryan and Paleczny, Mike and Peek, Daniel and Saab, Paul and others},
  booktitle={10th USENIX Symposium on Networked Systems Design and Implementation (NSDI 13)},
  pages={385--398},
  year={2013}
}


@inproceedings{example2022,
  title={This is a Paper Title},
  author={Familyname, Givenname},
  booktitle={Utopia},
  pages={000---001},
  year={2022}
}

@article{lamport2001paxos,
  title={Paxos made simple},
  author={Lamport, Leslie},
  journal={ACM SIGACT News (Distributed Computing Column) 32, 4 (Whole Number 121, December 2001)},
  pages={51--58},
  year={2001}
}

@inproceedings{burrows2006chubby,
  title={The Chubby lock service for loosely-coupled distributed systems},
  author={Burrows, Mike},
  booktitle={Proceedings of the 7th symposium on Operating systems design and implementation},
  pages={335--350},
  year={2006}
}

@article{corbett2013spanner,
  title={Spanner: Google’s globally distributed database},
  author={Corbett, James C and Dean, Jeffrey and Epstein, Michael and Fikes, Andrew and Frost, Christopher and Furman, Jeffrey John and Ghemawat, Sanjay and Gubarev, Andrey and Heiser, Christopher and Hochschild, Peter and others},
  journal={ACM Transactions on Computer Systems (TOCS)},
  volume={31},
  number={3},
  pages={1--22},
  year={2013},
  publisher={ACM New York, NY, USA}
}

@article{zhen2014oceanbase,
  title={The architecture of OceanBase relational database system},
  author={Zhen-Kun, YANG},
  journal={Journal of East China Normal University (Natural Science)},
  volume={2014},
  number={5},
  pages={141},
  year={2014}
}

@inproceedings{ongaro2014raft,
  title={In search of an understandable consensus algorithm},
  author={Ongaro, Diego and Ousterhout, John},
  booktitle={2014 USENIX Annual Technical Conference (Usenix ATC 14)},
  pages={305--319},
  year={2014}
}

@misc{ etcd,
    author = "{etcd.org}",
    title = "etcd",
    year = "2022",
    howpublished = "\url{https://etcd.io/}",
    note = "[Online; accessed 18-April-2022]"
}

@misc{ ratis,
    author = "{Apache Ratis Contributors}",
    title = "Apache Ratis",
    year = "2022",
    howpublished = "\url{https://ratis.apache.org/}",
    note = "[Online; accessed 18-April-2022]"
}

@misc{ electricity-workload,
    author = "{Amazon AWS}",
    title = "GE Power Case Analysis",
    year = "2022",
    howpublished = "\url{https://aws.amazon.com/cn/solutions/case-studies/ge-power/}",
    note = "[Online; accessed 18-April-2022]"
}

@incollection{harizopoulos2018oltp,
  title={OLTP through the looking glass, and what we found there},
  author={Harizopoulos, Stavros and Abadi, Daniel J and Madden, Samuel and Stonebraker, Michael},
  booktitle={Making Databases Work: the Pragmatic Wisdom of Michael Stonebraker},
  pages={409--439},
  year={2018}
}

@article{gray2002high,
  title={High-availability computer systems},
  author={Gray, Jim and Siewiorek, Daniel P.},
  journal={Computer},
  volume={24},
  number={9},
  pages={39--48},
  year={2002},
  publisher={IEEE}
}

@article{mohammed2017failover,
  title={Failover strategy for fault tolerance in cloud computing environment},
  author={Mohammed, Bashir and Kiran, Mariam and Maiyama, Kabiru M and Kamala, Mumtaz M and Awan, Irfan-Ullah},
  journal={Software: Practice and Experience},
  volume={47},
  number={9},
  pages={1243--1274},
  year={2017},
  publisher={Wiley Online Library}
}

@misc{shahid2019influxdb,
  title={InfluxDB documentation},
  author={Shahid, John},
  year={2019},
  publisher={Release}
}

@article{PZKX202005001,
author = {  李天安 and     黄向东 and     王建民 and     毛东方 and     徐毅 and 袁骏},
title = {Apache IoTDB的分布式框架设计},
journal = {中国科学:信息科学},
volume = {50},
number = {05},
pages = {621-636},
year = {2020},
issn = {1674-7267},
}    


@article{milani2017systematic,
  title={A systematic literature review of the data replication techniques in the cloud environments},
  author={Milani, Bahareh Alami and Navimipour, Nima Jafari},
  journal={Big Data Research},
  volume={10},
  pages={1--7},
  year={2017},
  publisher={Elsevier}
}

@inproceedings{han2011surveynosql,
  title={Survey on NoSQL database},
  author={Han, Jing and Haihong, Ee and Le, Guan and Du, Jian},
  booktitle={2011 6th international conference on pervasive computing and applications},
  pages={363--366},
  year={2011},
  organization={IEEE}
}

@incollection{codd2007relational,
  title={Relational database: A practical foundation for productivity},
  author={Codd, Edgar F},
  booktitle={ACM Turing award lectures},
  pages={1981},
  year={2007}
}

@article{naqvi2017timeseriesdb,
  title={Time series databases and influxdb},
  author={Naqvi, Syeda Noor Zehra and Yfantidou, Sofia and Zim{\'a}nyi, Esteban},
  journal={Studienarbeit, Universit{\'e} Libre de Bruxelles},
  volume={12},
  pages={1--44},
  year={2017}
}

@article{dunning2015tsdb,
  title={Time series databases},
  author={Dunning, Ted and Friedman, Ellen},
  journal={New Ways to Store and Access data},
  year={2015}
}

@article{chaudhuri1997olap,
  title={An overview of data warehousing and OLAP technology},
  author={Chaudhuri, Surajit and Dayal, Umeshwar},
  journal={ACM Sigmod record},
  volume={26},
  number={1},
  pages={65--74},
  year={1997},
  publisher={ACM New York, NY, USA}
}

@article{carbone2015flink,
  title={Apache flink: Stream and batch processing in a single engine},
  author={Carbone, Paris and Katsifodimos, Asterios and Ewen, Stephan and Markl, Volker and Haridi, Seif and Tzoumas, Kostas},
  journal={The Bulletin of the Technical Committee on Data Engineering},
  volume={38},
  number={4},
  year={2015},
  publisher={Institute of Electrical and Electronics Engineers (IEEE)}
}

@article{zaharia2016spark,
  title={Apache spark: a unified engine for big data processing},
  author={Zaharia, Matei and Xin, Reynold S and Wendell, Patrick and Das, Tathagata and Armbrust, Michael and Dave, Ankur and Meng, Xiangrui and Rosen, Josh and Venkataraman, Shivaram and Franklin, Michael J and others},
  journal={Communications of the ACM},
  volume={59},
  number={11},
  pages={56--65},
  year={2016},
  publisher={ACM New York, NY, USA}
}

@inproceedings{junqueira2011zab,
  title={Zab: High-performance broadcast for primary-backup systems},
  author={Junqueira, Flavio P and Reed, Benjamin C and Serafini, Marco},
  booktitle={2011 IEEE/IFIP 41st International Conference on Dependable Systems \& Networks (DSN)},
  pages={245--256},
  year={2011},
  organization={IEEE}
}

@inproceedings{hunt2010zookeeper,
  title={$\{$ZooKeeper$\}$: Wait-free Coordination for Internet-scale Systems},
  author={Hunt, Patrick and Konar, Mahadev and Junqueira, Flavio P and Reed, Benjamin},
  booktitle={2010 USENIX Annual Technical Conference (USENIX ATC 10)},
  year={2010}
}

@inproceedings{demers1987gossip,
  title={Epidemic algorithms for replicated database maintenance},
  author={Demers, Alan and Greene, Dan and Hauser, Carl and Irish, Wes and Larson, John and Shenker, Scott and Sturgis, Howard and Swinehart, Dan and Terry, Doug},
  booktitle={Proceedings of the sixth annual ACM Symposium on Principles of distributed computing},
  pages={1--12},
  year={1987}
}


@article{mishra1993consul,
  title={Consul: A communication substrate for fault-tolerant distributed programs},
  author={Mishra, Shivakant and Peterson, Larry L and Schlichting, Richard D},
  journal={Distributed Systems Engineering},
  volume={1},
  number={2},
  pages={87},
  year={1993},
  publisher={IOP Publishing}
}

@article{wang2020iotdb,
  title={Apache IoTDB: time-series database for internet of things},
  author={Wang, Chen and Huang, Xiangdong and Qiao, Jialin and Jiang, Tian and Rui, Lei and Zhang, Jinrui and Kang, Rong and Feinauer, Julian and McGrail, Kevin A and Wang, Peng and others},
  journal={Proceedings of the VLDB Endowment},
  volume={13},
  number={12},
  pages={2901--2904},
  year={2020},
  publisher={VLDB Endowment}
}

@article{李天安2020iotdb-distribute,
  title={Apache IoTDB 的分布式框架设计},
  author={李天安 and 黄向东 and 王建民 and 毛东方 and 徐毅 and 袁骏},
  journal={中国科学: 信息科学},
  year={2020}
}

@misc{ kubernetes,
    author = "{Kubernetes.io}",
    title = "Kubernetes Official Website",
    year = "2022",
    howpublished = "\url{https://kubernetes.io/}",
    note = "[Online; accessed 18-April-2022]"
}

@article{burns2016borg,
  title={Borg, omega, and kubernetes},
  author={Burns, Brendan and Grant, Brian and Oppenheimer, David and Brewer, Eric and Wilkes, John},
  journal={Communications of the ACM},
  volume={59},
  number={5},
  pages={50--57},
  year={2016},
  publisher={ACM New York, NY, USA}
}


@misc{ pod,
    author = "{Kubernetes.io}",
    title = "Kubernetes Pod",
    year = "2022",
    howpublished = "\url{https://kubernetes.io/docs/concepts/workloads/pods/}",
    note = "[Online; accessed 18-April-2022]"
}

@misc{ volume,
    author = "{Kubernetes.io}",
    title = "Kubernetes Persistent Volume",
    year = "2022",
    howpublished = "\url{https://kubernetes.io/docs/concepts/storage/persistent-volumes/}",
    note = "[Online; accessed 18-April-2022]"
}

@misc{ deployment,
    author = "{Kubernetes.io}",
    title = "Kubernetes Deployment",
    year = "2022",
    howpublished = "\url{https://kubernetes.io/docs/concepts/workloads/controllers/deployment/}",
    note = "[Online; accessed 18-April-2022]"
}

@misc{ statefulset,
    author = "{Kubernetes.io}",
    title = "Kubernetes StatefulSet",
    year = "2022",
    howpublished = "\url{https://kubernetes.io/docs/concepts/workloads/controllers/statefulset/}",
    note = "[Online; accessed 18-April-2022]"
}

@misc{ service,
    author = "{Kubernetes.io}",
    title = "Kubernetes Service",
    year = "2022",
    howpublished = "\url{https://kubernetes.io/docs/concepts/services-networking/service/}",
    note = "[Online; accessed 18-April-2022]"
}

@article{lamport1978statemachine,
  title={The implementation of reliable distributed multiprocess systems},
  author={Lamport, Leslie},
  journal={Computer Networks (1976)},
  volume={2},
  number={2},
  pages={95--114},
  year={1978},
  publisher={Elsevier}
}

@inproceedings{arora2017leaderlease,
  title={Leader or majority: Why have one when you can have both? improving read scalability in raft-like consensus protocols},
  author={Arora, Vaibhav and Mittal, Tanuj and Agrawal, Divyakant and El Abbadi, Amr and Xue, Xun and others},
  booktitle={9th USENIX Workshop on Hot Topics in Cloud Computing (HotCloud 17)},
  year={2017}
}

@book{ongaro2014raftthesis,
  title={Consensus: Bridging theory and practice},
  author={Ongaro, Diego},
  year={2014},
  publisher={Stanford University}
}

@inproceedings{oppenheimer2003internetfail,
  title={Why do Internet services fail, and what can be done about it?},
  author={Oppenheimer, David and Ganapathi, Archana and Patterson, David A},
  booktitle={4th Usenix Symposium on Internet Technologies and Systems (USITS 03)},
  year={2003}
}

@misc{ kuttl,
    author = "{kuttl.org}",
    title = "The KUbernetes Test Tool",
    year = "2022",
    howpublished = "\url{https://kuttl.dev/}",
    note = "[Online; accessed 18-April-2022]"
}

@misc{tdengine_website,
  title = {TDEngine},
  author = {TDEngine},
  url = {https://tdengine.com/},
  note = {Accessed: March 26, 2025},
}

@misc{dolphindb_website,
  title = {dolphindb},
  author = {dolphindb},
  url = {https://dolphindb.com/},
  note = {Accessed: March 26, 2025},
}

@misc{opentsdb_website,
  title = {opentsdb},
  author = {opentsdb},
  url = {https://opentsdb.net/},
  note = {Accessed: March 26, 2025},
}

@book{bronvstejn2013handbook,
  title={Handbook of mathematics},
  author={Bron{\v{s}}tejn, Ilʹja N and Semendjaev, Konstantin A},
  year={2013},
  publisher={Springer}
}

@article{slee2007thrift,
  title={Thrift: Scalable cross-language services implementation},
  author={Slee, Mark and Agarwal, Aditya and Kwiatkowski, Marc},
  journal={Facebook white paper},
  volume={5},
  number={8},
  pages={127},
  year={2007}
}

@misc{timescale_website,
  title = {timescale},
  author = {timescale},
  url = {https://timescale.com/},
  note = {Accessed: March 26, 2025},
}


@misc{iot-benchmark,
  title = {iot-benchmark},
  author = {iot-benchmark},
  url = {https://github.com/thulab/iot-benchmark},
  note = {Accessed: March 26, 2025},
}

@article{o1996lsm,
  title={The log-structured merge-tree (LSM-tree)},
  author={O’Neil, Patrick and Cheng, Edward and Gawlick, Dieter and O’Neil, Elizabeth},
  journal={Acta Informatica},
  volume={33},
  number={4},
  pages={351--385},
  year={1996},
  publisher={Springer}
}

@article{zhangkun1994,
  author     = {张昆 and 冯立群 and 余昌钰 and others},
  title      = {机器人柔性手腕的球面齿轮设计研究},
  journal    = {清华大学学报: 自然科学版},
  volume     = {34},
  number     = {2},
  pages      = {1--7},
  year       = {1994},
  key        = {zhang1 kun1},
}

@book{zhukezhen1973,
  author     = {竺可桢},
  title      = {物理学论},
  address    = {北京},
  publisher  = {科学出版社},
  year       = {1973},
  pages      = {56--60},
  key        = {zhu2 ke3 zhen1},
}

@inproceedings{dupont1974bone,
  author     = {Dupont, B},
  title      = {Bone marrow transplantation in severe combined immunodeficiency with an unrelated MLC compatible donor},
  editor     = {White, H J and Smith, R},
  booktitle  = {Proceedings of the third annual meeting of the International Society for Experimental Hematology},
  address    = {Houston},
  publisher  = {International Society for Experimental Hematology},
  year       = {1974},
  pages      = {44--46},
}

@mastersthesis{zhengkaiqing1987,
  author     = {郑开青},
  title      = {通讯系统模拟及软件},
  address    = {北京},
  school     = {清华大学无线电系},
  year       = {1987},
  key        = {zheng4 kai1 qing1},
}

@patent{jiangxizhou1980,
  author     = {姜锡洲},
  title      = {一种温热外敷药制备方案},
  address    = {中国},
  number     = {88105607.3},
  year       = {1980},
  date       = {1980-07-26},
  key        = {jiang1 xi1 zhou1},
}

@standard{jianduju1994,
  author     = {中华人民共和国国家技术监督局},
  title      = {GB3100-3102. 中华人民共和国国家标准-量与单位},
  address    = {北京},
  publisher  = {中国标准出版社},
  year       = {1994},
  key        = {zhong1 hua2 ren2 min2 gong4 he2 guo2},
}

@article{merkt1995rotational,
  author     = {Merkt, Fr{\'e}d{\'e}ric and Mackenzie, S R and Softley, Timothy P},
  title      = {Rotational Autoionization Dynamics in High Rydberg States of Nitrogen},
  journal    = {J Chem Phys},
  year       = {1995},
  volume     = {103},
  pages      = {4509--4518},
}

@article{mellinger1996laser,
  author     = {Mellinger, A and Vidal, C R and Jungen, {Ch}},
  title      = {Laser reduced fluorescence study of the carbon monoxide nd triplet Rydberg series - Experimental results and multichannel quantum defect analysis},
  journal    = {J Chem Phys},
  year       = {1996},
  volume     = {104},
  pages      = {8913--8921},
}

@article{bixon1996dynamics,
  author     = {Bixon, M and Jortner, Joshua},
  title      = {The dynamics of predissociating high {Rydberg} states of {NO}},
  journal    = {J Chem Phys},
  year       = {1996},
  volume     = {105},
  pages      = {1363--1382},
}

@article{mahui1995,
  author     = {马辉 and 李俭 and 刘耀明 and others},
  title      = {利用 {REMPI} 方法测量 {BaF} 高里德堡系列光谱},
  journal    = {化学物理学报},
  year       = {1995},
  volume     = {8},
  pages      = {308--311},
  key        = {ma3 hui1},
}

@article{carlson1981two,
  author     = {Carlson, N W and Taylor, A J and Jones, K M and Schawlow, A L},
  title      = {Two-step polarization-labeling spectroscopy of excited states of {Na2}},
  journal    = {Phys Rev A},
  year       = {1981},
  volume     = {24},
  pages      = {822--834},
}

@article{taylor1983scanning,
  author     = {Taylor, A J and Jones, K M and Schawlow, A L},
  title      = {Scanning pulsed-polarization spectrometer applied to {Na2}},
  journal    = {J Opt Soc Am},
  year       = {1983},
  volume     = {73},
  pages      = {994--998},
}

@article{taylor1981study,
  author     = {Taylor, A J and Jones, K M and Schawlow, A L},
  title      = {A study of the excited {1$\Sigma$g+} states in {Na2}},
  journal    = {Opt Commun},
  year       = {1981},
  volume     = {39},
  pages      = {47--50},
}

@article{shimizu1983laser,
  author     = {Shimizu, Kazuko and Shimizu, Fujio},
  title      = {Laser induced fluorescence spectra of the a {3$\Pi$u--X 1$\Sigma$g+} band of {Na2} by molecular beam},
  journal    = {J Chem Phys},
  year       = {1983},
  volume     = {78},
  pages      = {1126--1131},
}

@article{atkinson1982experimental,
  author     = {Atkinson, J B and Becker, J and Demtr{\"o}der, W},
  title      = {Experimental observation of the a {3$\Pi$u} state of {Na2}},
  journal    = {Chem Phys Lett},
  year       = {1982},
  volume     = {87},
  pages      = {92--97},
}

@article{kusch1975perturbations,
  author     = {Kusch, P and Hessel, M M},
  title      = {Perturbations in the A {1$\Sigma$u+} state of {Na2}},
  journal    = {J Chem Phys},
  year       = {1975},
  volume     = {63},
  pages      = {4087--4088},
}

@book{guangxi1993,
  author     = {广西壮族自治区林业厅},
  title      = {广西自然保护区},
  address    = {北京},
  publisher  = {中国林业出版社},
  year       = {1993},
  key        = {guang3 xi1 zhuang4 zu2 zi4 zhi4 qu1},
}

@book{huosini1989guwu,
  author     = {霍斯尼},
  title      = {谷物科学与工艺学原理},
  translator = {李庆龙},
  edition    = {2},
  address    = {北京},
  publisher  = {中国食品出版社},
  year       = {1989},
  pages      = {15--20},
  key        = {huo4 si1 ni2},
}

@book{wangfuzhi1865songlun,
  author     = {王夫之},
  title      = {宋论},
  edition    = {刻本},
  address    = {金陵},
  publisher  = {曾氏},
  year       = {1865（清同治四年）},
  key        = {wang2 fu1 zhi1},
}

@book{zhaoyaodong1998xinshidai,
  author     = {赵耀东},
  title      = {新时代的工业工程师},
  address    = {台北},
  publisher  = {天下文化出版社},
  year       = {1998},
  urldate    = {1998-09-26},
  url        = {http://www.ie.nthu.edu.tw/info/ie.newie.htm},
  key        = {zhao4 yao4 dong1},
}

@standard{biaozhunhua2002tushu,
  author     = {全国信息与文献工作标准化技术委员会出版物格式分委员会},
  title      = {GB/T 12450-2001 图书书名页},
  address    = {北京},
  publisher  = {中国标准出版社},
  year       = {2002},
  pages      = {1},
  key        = {quan2 guo2 xin4 xi1},
}

@book{chubanzhuanye2004,
  author     = {全国出版专业职业资格考试办公室},
  title      = {全国出版专业职业资格考试辅导教材: 出版专业理论与实务•中级},
  edition    = {2014},
  address    = {上海},
  publisher  = {上海辞书出版社},
  year       = {2004},
  pages      = {299--307},
  key        = {quan2 guo2 chu1 ban3 ye4},
}

@techreport{who1970factors,
  author     = {{World Health Organization}},
  title      = {Factors Regulating the Immune Response: Report of {WHO Scientific Group}},
  address    = {Geneva},
  publisher  = {WHO},
  year       = {1970},
}

@book{peebles2001probability,
  author     = {Peebles, Jr, Peyton Z.},
  title      = {Probability, Random Variables, and Random Signal Principles},
  edition    = {4},
  address    = {New York},
  publisher  = {McGraw Hill},
  year       = {2001},
}

@incollection{baishunong1998zhiwu,
  author     = {白书农},
  title      = {植物开花研究},
  editor     = {李承森},
  booktitle  = {植物科学进展},
  address    = {北京},
  publisher  = {高等教育出版社},
  year       = {1998},
  pages      = {146--163},
  key        = {bai2 shu1 nong2},
}

@incollection{weinstein1974pathogenic,
  author     = {Weinstein, L and Swertz, M N},
  title      = {Pathogenic Properties of Invading Microorganism},
  editor     = {Sodeman, Jr, William A and Sodeman, William A},
  booktitle  = {Pathologic physiology: mechanisms of disease},
  address    = {Philadelphia},
  publisher  = {Saunders},
  year       = {1974},
  pages      = {745--772},
}

@inproceedings{hanjiren1985lun,
  author     = {韩吉人},
  title      = {论职工教育的特点},
  editor     = {中国职工教育研究会},
  booktitle  = {职工教育研究论文集},
  address    = {北京},
  publisher  = {人民教育出版社},
  year       = {1985},
  pages      = {90--99},
  key        = {han2 ji2 ren2},
}

@periodical{dizhi1936dizhi,
  author     = {中国地质学会},
  title      = {地质评论},
  year       = {1936},
  volume     = {1},
  number     = {1},
  address    = {北京},
  publisher  = {地质出版社},
  key        = {zhong1 guo2 di4 zhi3 xue2 hui4},
}

@periodical{tushuguan1957tushuguanxue,
  author     = {中国图书馆学会},
  title      = {图书馆学通讯},
  year       = {1957/1990},
  number     = {1--4},
  address    = {北京},
  publisher  = {北京图书馆},
  key        = {zhong1 guo2 tu2 shu1 guan3 xue2 hui4},
}

@periodical{aaas1883science,
  author     = {{American Association for the Advancement of Science}},
  title      = {Science},
  year       = {1883},
  volume     = {1},
  number     = {1},
  address    = {Washington, D.C.},
  publisher  = {American Association for the Advancement of Science},
}

@newspaper{fugang2000fengsha,
  author     = {傅刚 and 赵承 and 李佳路},
  title      = {大风沙过后的思考},
  journal    = {北京青年报},
  year       = {2000},
  date       = {2000-04-12},
  number     = {14},
  urldate    = {2002-03-06},
  url        = {http://www.bjyouth.com.cn/Bqb/20000412/B/4216%5ED0412B1401.htm},
  key        = {fu4 gang1},
}

@online{xiaoyu2001chubanye,
  author     = {萧钰},
  title      = {出版业信息化迈入快车道},
  year       = {2001},
  date       = {2001-12-19},
  urldate    = {2002-04-15},
  url        = {http://www.creader.com/news/20011219/200112190019.htm},
  key        = {xiao1 yu4},
}

@online{oclc2000about,
  author     = {{Online Computer Library Center, Inc}},
  title      = {About {OCLC}: History of Cooperation},
  year       = {2000},
  urldate    = {2000-01-08},
  url        = {http://www.oclc.org/about/cooperation.en.htm},
}

@software{scitor2000project,
  author     = {{Scitor Corporation}},
  title      = {Project scheduler},
  address    = {Sunnyvale, Calif.},
  publisher  = {Scitor Corporation},
  year       = {1983},
  medium     = {DK},
}
